<collection xmlns="http://www.loc.gov/MARC21/slim">
<record>
  <leader>00922nam0a2200205 i 450 </leader>
  <controlfield tag="001">IT\ICCU\CNCE\075240</controlfield>
  <controlfield tag="005">20190510000000.0</controlfield>
  <datafield tag="012" ind1=" " ind2=" ">
    <subfield code="a">bito e,la tode fios (C) 1550 (Q)</subfield>
    <subfield code="2">fei</subfield>
  </datafield>
  <datafield tag="100" ind1=" " ind2=" ">
    <subfield code="a">20100511f1550        0itac0103    ba</subfield>
  </datafield>
  <datafield tag="101" ind1=" " ind2=" ">
    <subfield code="a">ITA</subfield>
  </datafield>
  <datafield tag="102" ind1=" " ind2=" ">
    <subfield code="a">IT</subfield>
  </datafield>
  <datafield tag="200" ind1="1" ind2=" ">
    <subfield code="a">℗La ℗Passione del nostro signore Giesu Christo. In ottaua rima. Et il pianto della Maddalena. Composto da Bernardo Pulci fiorentino. Nuouamente ricorretta, &amp; ristampata</subfield>
  </datafield>
  <datafield tag="210" ind1=" " ind2=" ">
    <subfield code="a">Stampata in Firenze</subfield>
    <subfield code="c">alle scale di Badia</subfield>
    <subfield code="d">\dopo il 1550!</subfield>
  </datafield>
  <datafield tag="215" ind1=" " ind2=" ">
    <subfield code="a">\18! c.</subfield>
    <subfield code="c">ill.</subfield>
    <subfield code="d">4ʻ</subfield>
  </datafield>
  <datafield tag="300" ind1=" " ind2=" ">
    <subfield code="a">Il testo della Passione  ̈quello di Niccol ̣Cicerchia. - La data si ricava dall&apos;attivit ̉della tipografia</subfield>
  </datafield>
  <datafield tag="620" ind1=" " ind2=" ">
    <subfield code="a">IT</subfield>
    <subfield code="d">Firenze</subfield>
  </datafield>
  <datafield tag="700" ind1=" " ind2="1">
    <subfield code="a">Pulci,</subfield>
    <subfield code="b">Bernardo</subfield>
    <subfield code="3">IT\ICCU\CNCA\003193</subfield>
  </datafield>
  <datafield tag="712" ind1="0" ind2="2">
    <subfield code="a">℗alle scalee di ℗Badia</subfield>
    <subfield code="3">IT\ICCU\CNCT\000678</subfield>
    <subfield code="4">650</subfield>
  </datafield>
  <datafield tag="801" ind1=" " ind2="3">
    <subfield code="a">IT</subfield>
    <subfield code="b">ICCU</subfield>
    <subfield code="c">20201115</subfield>
  </datafield>
  <datafield tag="899" ind1=" " ind2=" ">
    <subfield code="a">Archivio storico civico e Biblioteca Trivulziana. Milano</subfield>
    <subfield code="1">MI0327</subfield>
    <subfield code="2">LO1 13</subfield>
  </datafield>
</record>
</collection>
